@misc{FATU,
  title = {Fehleranalyse der TU-Dresden},
  howpublished = {\url{https://tu-dresden.de/mn/physik/ressourcen/dateien/studium/lehrveranstaltungen/praktika/pdf/FA.pdf}},
  note = {Accessed: 2024-10-19}